<record><leader>00000cas a22000007a 4500</leader><controlfield tag="001">34372411</controlfield><controlfield tag="008">960314c198u9999caudn ne      0    0vie d</controlfield><datafield ind1=" " ind2=" " tag="010"><subfield code="a">sn 96061845 </subfield></datafield><datafield ind1=" " ind2=" " tag="040"><subfield code="a">CNK</subfield><subfield code="b">eng</subfield><subfield code="c">CNK</subfield><subfield code="d">DLC</subfield><subfield code="d">OCLCQ</subfield><subfield code="d">OCLCF</subfield><subfield code="d">OCLCO</subfield><subfield code="d">OCL</subfield></datafield><datafield ind1=" " ind2=" " tag="042"><subfield code="a">msc</subfield></datafield><datafield ind1=" " ind2=" " tag="043"><subfield code="a">n-us-ca</subfield></datafield><datafield ind1="0" ind2="0" tag="245"><subfield code="a">Vie&#803;&#770;t Nam nha&#803;&#770;t ba&#769;o.</subfield></datafield><datafield ind1=" " ind2=" " tag="260"><subfield code="a">San Jose, CA :</subfield><subfield code="b">Nguye&#770;n Thao</subfield></datafield><datafield ind1=" " ind2=" " tag="300"><subfield code="a">v.</subfield></datafield><datafield ind1=" " ind2=" " tag="310"><subfield code="a">Daily (except Mon. and Sun.)</subfield></datafield><datafield ind1=" " ind2=" " tag="588"><subfield code="a">Description based on: Na&#774;m th&#432;&#769; 2, so&#770;&#769; 202 (25-4-1987) [i.e. Apr. 25, 1987].</subfield></datafield><datafield ind1=" " ind2="0" tag="650"><subfield code="a">Vietnamese newspapers</subfield><subfield code="z">California.</subfield></datafield><datafield ind1=" " ind2="0" tag="651"><subfield code="a">San Jose (Calif.)</subfield><subfield code="v">Newspapers.</subfield></datafield><datafield ind1=" " ind2="7" tag="650"><subfield code="a">Vietnamese newspapers.</subfield><subfield code="2">fast</subfield><subfield code="0">(OCoLC)fst01166876</subfield></datafield><datafield ind1=" " ind2="7" tag="651"><subfield code="a">California.</subfield><subfield code="2">fast</subfield><subfield code="0">(OCoLC)fst01204928</subfield></datafield><datafield ind1=" " ind2="7" tag="651"><subfield code="a">California</subfield><subfield code="z">San Jose.</subfield><subfield code="2">fast</subfield><subfield code="0">(OCoLC)fst01206320</subfield></datafield><datafield ind1=" " ind2="7" tag="655"><subfield code="a">Newspapers.</subfield><subfield code="2">fast</subfield><subfield code="0">(OCoLC)fst01423814</subfield></datafield><datafield ind1=" " ind2=" " tag="752"><subfield code="a">United States</subfield><subfield code="b">California</subfield><subfield code="c">Santa Clara</subfield><subfield code="d">San Jose.</subfield></datafield><datafield ind1="0" ind2=" " tag="770"><subfield code="t">Vie&#803;&#770;t Nam giai pha&#777;&#770;m xua&#770;n</subfield><subfield code="w">(DLC)   96644257</subfield><subfield code="w">(OCoLC)36123991</subfield></datafield><datafield ind1="1" ind2=" " tag="029"><subfield code="a">AU@</subfield><subfield code="b">000025930037</subfield></datafield></record>